% This file was created with JabRef 2.6.
% Encoding: SJIS

@ARTICLE{Aubert:2009ag,
  author = {Aubert, Bernard and others},
  title = {{Searches for Lepton Flavor Violation in the Decays $\tau^{\pm} \to
	e^{\pm} \gamma$ and $\tau^{\pm}\to \mu^{\pm} \gamma$}},
  journal = {Phys.Rev.Lett.},
  year = {2010},
  volume = {104},
  pages = {021802},
  doi = {10.1103/PhysRevLett.104.021802},
  archiveprefix = {arXiv},
  collaboration = {BABAR Collaboration},
  eprint = {0908.2381},
  primaryclass = {hep-ex},
  reportnumber = {SLAC-PUB-13753, BABAR-PUB-09-026},
  slaccitation = {%%CITATION = ARXIV:0908.2381;%%}
}

@ARTICLE{Aubert:2009ap,
  author = {Aubert, Bernard and others},
  title = {{Improved limits on lepton flavor violating tau decays to $\ell \phi,
	\ell \rho, \ell K*$ and $\ell \bar{K}*}$},
  journal = {Phys.Rev.Lett.},
  year = {2009},
  volume = {103},
  pages = {021801},
  doi = {10.1103/PhysRevLett.103.021801},
  archiveprefix = {arXiv},
  collaboration = {BABAR Collaboration},
  eprint = {0904.0339},
  primaryclass = {hep-ex},
  reportnumber = {SLAC-PUB-13559, BABAR-PUB-09-002},
  slaccitation = {%%CITATION = ARXIV:0904.0339;%%}
}

@ARTICLE{Aubert:2009ys,
  author = {Aubert, Bernard and others},
  title = {{Search for Lepton Flavor Violating Decays $\tau \to \ell^- K^0_S$
	with the BABAR Experiment}},
  journal = {Phys.Rev.},
  year = {2009},
  volume = {D79},
  pages = {012004},
  doi = {10.1103/PhysRevD.79.012004},
  archiveprefix = {arXiv},
  collaboration = {BaBar Collaboration},
  eprint = {0812.3804},
  primaryclass = {hep-ex},
  reportnumber = {SLAC-PUB-13487, BABAR-PUB-044-08},
  slaccitation = {%%CITATION = ARXIV:0812.3804;%%}
}

@ARTICLE{Aubert:2007kx,
  author = {Aubert, Bernard and others},
  title = {{Search for lepton flavor violating decays $\tau^{\pm} \to \ell^{\pm}
	\omega\ (\ell = e, \mu)$}},
  journal = {Phys.Rev.Lett.},
  year = {2008},
  volume = {100},
  pages = {071802},
  doi = {10.1103/PhysRevLett.100.071802},
  archiveprefix = {arXiv},
  collaboration = {BABAR Collaboration},
  eprint = {0711.0980},
  primaryclass = {hep-ex},
  reportnumber = {SLAC-PUB-12971, BABAR-PUB-07-064},
  slaccitation = {%%CITATION = ARXIV:0711.0980;%%}
}

@ARTICLE{Aubert:2006cz,
  author = {Aubert, Bernard and others},
  title = {{Search for Lepton Flavor Violating Decays $\tau^\pm \to \ell^\pm
	\pi^0$, $\ell^\pm \eta$, $\ell^\pm \eta^\prime$}},
  journal = {Phys.Rev.Lett.},
  year = {2007},
  volume = {98},
  pages = {061803},
  doi = {10.1103/PhysRevLett.98.061803},
  archiveprefix = {arXiv},
  collaboration = {BABAR Collaboration},
  eprint = {hep-ex/0610067},
  primaryclass = {hep-ex},
  reportnumber = {SLAC-PUB-12170, BABAR-PUB-06-061},
  slaccitation = {%%CITATION = HEP-EX/0610067;%%}
}

@ARTICLE{Aubert:2005tp,
  author = {Aubert, Bernard and others},
  title = {{Search for lepton-flavor and lepton-number violation in the decay
	$\tau^- \to \ell^\mp h^\pm h^{\prime -}$}},
  journal = {Phys.Rev.Lett.},
  year = {2005},
  volume = {95},
  pages = {191801},
  doi = {10.1103/PhysRevLett.95.191801},
  archiveprefix = {arXiv},
  collaboration = {BaBar Collaboration},
  eprint = {hep-ex/0506066},
  primaryclass = {hep-ex},
  reportnumber = {SLAC-PUB-11300},
  slaccitation = {%%CITATION = HEP-EX/0506066;%%}
}

@MISC{Hayasaka:2011aa,
  author = {Hayasaka, K.},
  title = {{Recent LFV results on tau lepton from Belle }},
  year = {2011},
  note = {A talk presented at International Workshop on $e^+e^-$ collisions
	from phi to psi (PHIPSI11), Novosibirsk, 19-22 Sep 2011. http://phipsi11.inp.nsk.su/talks/phipsi11$\_$hayasaka.pdf},
  collaboration = {Belle}
}

@ARTICLE{Hayasaka:2011zz,
  author = {Hayasaka, Kiyoshi},
  title = {{Tau lepton physics at Belle}},
  journal = {J.Phys.Conf.Ser.},
  year = {2011},
  volume = {335},
  pages = {012029},
  url = {http://stacks.iop.org/1742-6596/335/i=1/a=012029},
  doi = {10.1088/1742-6596/335/1/012029},
  collaboration = {Belle},
  slaccitation = {%%CITATION = 00462,335,012029;%%}
}

@ARTICLE{Hayasaka:2010np,
  author = {Hayasaka, K. and Inami, K. and Miyazaki, Y. and others},
  title = {{Search for Lepton Flavor Violating Tau Decaysinto Three Leptons
	with 719 Million Produced Tau+Tau- Pairs}},
  journal = {Phys. Lett.},
  year = {2010},
  volume = {B687},
  pages = {139-143},
  doi = {10.1016/j.physletb.2010.03.037},
  archiveprefix = {arXiv},
  eprint = {1001.3221},
  primaryclass = {hep-ex},
  slaccitation = {%%CITATION = ARXIV:1001.3221;%%}
}

@ARTICLE{Hayasaka:2007vc,
  author = {Hayasaka, K. and others},
  title = {{New search for $\tau^- \to \mu \gamma$ and $\tau \to e \gamma$ decays
	at Belle}},
  journal = {Phys.Lett.},
  year = {2008},
  volume = {B666},
  pages = {16-22},
  doi = {10.1016/j.physletb.2008.06.056},
  archiveprefix = {arXiv},
  collaboration = {Belle Collaboration},
  eprint = {0705.0650},
  primaryclass = {hep-ex},
  reportnumber = {BELLE-PREPRINT-2007-6, KEK-PREPRINT-2006-69},
  slaccitation = {%%CITATION = ARXIV:0705.0650;%%}
}

@ARTICLE{Lafferty:2007zz,
  author = {Lafferty, G.D.},
  title = {{Lepton flavour violation and baryon number non-conservation in $\tau^-
	\to- \Lambda + h$ }},
  journal = {Nucl.Phys.Proc.Suppl.},
  year = {2007},
  volume = {169},
  pages = {186-191},
  doi = {10.1016/j.nuclphysbps.2007.02.111},
  collaboration = {BABAR Collaboration},
  reportnumber = {SLAC-PUB-13006},
  slaccitation = {%%CITATION = NUPHZ,169,186;%%}
}

@ARTICLE{Lees:2010ez,
  author = {Lees, J.P. and others},
  title = {{Limits on tau Lepton-Flavor Violating Decays in three charged leptons}},
  journal = {Phys.Rev.},
  year = {2010},
  volume = {D81},
  pages = {111101},
  doi = {10.1103/PhysRevD.81.111101},
  archiveprefix = {arXiv},
  collaboration = {BaBar Collaboration},
  eprint = {1002.4550},
  primaryclass = {hep-ex},
  reportnumber = {BABAR-PUB-09-033, SLAC-PUB-14009},
  slaccitation = {%%CITATION = ARXIV:1002.4550;%%}
}

@MISC{Miyazaki:2011aa,
  author = {Miyazaki, Y.},
  title = {{Search for Lepton-Flavor-Violating and Lepton-Number-Violating $\tau^-
	\to l h h'$ Decays Mode }},
  year = {2011},
  note = {A talk presented at International Workshop on $e^+e^-$ collisions
	from phi to psi (PHIPSI11), Novosibirsk, 19-22 Sep 2011, http://phipsi11.inp.nsk.su/talks/phipsi11$\_$hayasaka.pdf},
  collaboration = {Belle}
}

@ARTICLE{Miyazaki:2011xe,
  author = {Miyazaki, Y. },
  title = {{Search for Lepton-Flavor-Violating tau Decays into a Lepton and
	a Vector Meson}},
  journal = {Phys.Lett.},
  year = {2011},
  volume = {B699},
  pages = {251-257},
  doi = {10.1016/j.physletb.2011.04.011},
  archiveprefix = {arXiv},
  collaboration = {Belle Collaboration},
  eprint = {1101.0755},
  primaryclass = {hep-ex},
  reportnumber = {KEK-PREPRINT-2010-42, BELLE-PREPRINT-2010-24, NTLP-PREPRINT-2010-05},
  slaccitation = {%%CITATION = ARXIV:1101.0755;%%}
}

@ARTICLE{Miyazaki:2010qb,
  author = {Miyazaki, Y. },
  title = {{Search for Lepton Flavor Violating tau- Decays into $\ell-K^0_s$
	and $\ell-K^0_s K^0_s$}},
  journal = {Phys.Lett.},
  year = {2010},
  volume = {B692},
  pages = {4-9},
  doi = {10.1016/j.physletb.2010.07.012},
  archiveprefix = {arXiv},
  collaboration = {Belle Collaboration},
  eprint = {1003.1183},
  primaryclass = {hep-ex},
  reportnumber = {KEK-PREPRINT-2009-41, BELLE-PREPRINT-2010-02, NTLP-PREPRINT-2010-01},
  slaccitation = {%%CITATION = ARXIV:1003.1183;%%}
}

@ARTICLE{Miyazaki:2008mw,
  author = {Miyazaki, Y. and others},
  title = {{Search for Lepton-Flavor-Violating tau Decays into Lepton and f0(980)
	Meson}},
  journal = {Phys. Lett.},
  year = {2009},
  volume = {B672},
  pages = {317-322},
  doi = {10.1016/j.physletb.2009.01.058},
  __markedentry = {[]},
  archiveprefix = {arXiv},
  collaboration = {Belle},
  eprint = {0810.3519},
  primaryclass = {hep-ex},
  slaccitation = {%%CITATION = 0810.3519;%%},
  timestamp = {2011.10.24}
}

