% This file was created with JabRef 2.6.
% Encoding: SJIS

@ARTICLE{Hayasaka:2010np,
  author = {Hayasaka, K. and Inami, K. and Miyazaki, Y. and others},
  title = {{Search for Lepton Flavor Violating Tau Decaysinto Three Leptons
	with 719 Million Produced Tau+Tau- Pairs}},
  journal = {Phys. Lett.},
  year = {2010},
  volume = {B687},
  pages = {139-143},
  archiveprefix = {arXiv},
  doi = {10.1016/j.physletb.2010.03.037},
  eprint = {1001.3221},
  primaryclass = {hep-ex},
  slaccitation = {%%CITATION = ARXIV:1001.3221;%%}
}

@MISC{Inami:2010aa,
  author = {Inami, K.},
  title = {{Updated Search for Lepton-Flavor-Violating $\tau^-$ Decays into
	$\ell^{-}\pi^{0}$, $\ell^{-}\eta$ and $\ell^{-}\eta'$}},
  year = {2011},
  note = {A talk presented at the 11th International Workshop on Tau-Lepton
	Physics (TAU2010), Manchester, 13-17 Sep 2010,
   http://belle.kek.jp/belle/talks/tau/13.Sep/tau2010$\_$inami-5.pdf},
  collaboration = {Belle}
}

@MISC{Miyazaki:2011aa,
  author = {Miyazaki, Y.},
  title = {{Search for Lepton-Flavor-Violating and Lepton-Number-Violating $\tau^-
	\to l h h'$ Decays Mode }},
  year = {2011},
  note = {A talk presented at International Workshop on $e^+e^-$ collisions from
	phi to psi (PHIPSI11), Novosibirsk, 19-22 Sep 2011,
    http://phipsi11.inp.nsk.su/talks/phipsi11$\_$hayasaka.pdf},
  collaboration = {Belle}
}

@MISC{Hayasaka:2011aa,
  author = {Hayasaka, K.},
  title = {{Recent LFV results on tau lepton from Belle }},
  year = {2011},
  note = {A talk presented at International Workshop on $e^+e^-$ collisions from
	phi to psi (PHIPSI11), Novosibirsk, 19-22 Sep 2011.
   http://phipsi11.inp.nsk.su/talks/phipsi11$\_$hayasaka.pdf},
  collaboration = {Belle}
}

@ARTICLE{Miyazaki:2011xe,
  author = {Miyazaki, Y. },
  title = {{Search for Lepton-Flavor-Violating tau Decays into a Lepton and
	a Vector Meson}},
  journal = {Phys.Lett.},
  year = {2011},
  volume = {B699},
  pages = {251-257},
  archiveprefix = {arXiv},
  collaboration = {Belle Collaboration},
  doi = {10.1016/j.physletb.2011.04.011},
  eprint = {1101.0755},
  primaryclass = {hep-ex},
  reportnumber = {KEK-PREPRINT-2010-42, BELLE-PREPRINT-2010-24, NTLP-PREPRINT-2010-05},
  slaccitation = {%%CITATION = ARXIV:1101.0755;%%}
}

@ARTICLE{Miyazaki:2010qb,
  author = {Miyazaki, Y. },
  title = {{Search for Lepton Flavor Violating tau- Decays into $\ell-K^0_s$
	and $\ell-K^0_s K^0_s$}},
  journal = {Phys.Lett.},
  year = {2010},
  volume = {B692},
  pages = {4-9},
  archiveprefix = {arXiv},
  collaboration = {Belle Collaboration},
  doi = {10.1016/j.physletb.2010.07.012},
  eprint = {1003.1183},
  primaryclass = {hep-ex},
  reportnumber = {KEK-PREPRINT-2009-41, BELLE-PREPRINT-2010-02, NTLP-PREPRINT-2010-01},
  slaccitation = {%%CITATION = ARXIV:1003.1183;%%}
}

@ARTICLE{Miyazaki:2008mw,
  author = {Miyazaki, Y. and others},
  title = {{Search for Lepton-Flavor-Violating tau Decays into Lepton and f0(980)
	Meson}},
  journal = {Phys. Lett.},
  year = {2009},
  volume = {B672},
  pages = {317-322},
  __markedentry = {[]},
  archiveprefix = {arXiv},
  collaboration = {Belle},
  doi = {10.1016/j.physletb.2009.01.058},
  eprint = {0810.3519},
  primaryclass = {hep-ex},
  slaccitation = {%%CITATION = 0810.3519;%%},
  timestamp = {2011.10.24}
}

@article{Hayasaka:2007vc,
      author         = "Hayasaka, K. and others",
      title          = "{New search for $\tau^- \to \mu \gamma$ and $\tau \to e
                        \gamma$ decays at Belle}",
      collaboration  = "Belle Collaboration",
      journal        = "Phys.Lett.",
      volume         = "B666",
      pages          = "16-22",
      doi            = "10.1016/j.physletb.2008.06.056",
      year           = "2008",
      eprint         = "0705.0650",
      archivePrefix  = "arXiv",
      primaryClass   = "hep-ex",
      reportNumber   = "BELLE-PREPRINT-2007-6, KEK-PREPRINT-2006-69",
      SLACcitation   = "%%CITATION = ARXIV:0705.0650;%%",
}

@article{Aubert:2009ag,
      author         = "Aubert, Bernard and others",
      title          = "{Searches for Lepton Flavor Violation in the Decays $\tau^{\pm}
                        \to e^{\pm} \gamma$ and $\tau^{\pm}\to \mu^{\pm} \gamma$}",
      collaboration  = "BABAR Collaboration",
      journal        = "Phys.Rev.Lett.",
      volume         = "104",
      pages          = "021802",
      doi            = "10.1103/PhysRevLett.104.021802",
      year           = "2010",
      eprint         = "0908.2381",
      archivePrefix  = "arXiv",
      primaryClass   = "hep-ex",
      reportNumber   = "SLAC-PUB-13753, BABAR-PUB-09-026",
      SLACcitation   = "%%CITATION = ARXIV:0908.2381;%%",
}

@article{Aubert:2006cz,
      author         = "Aubert, Bernard and others",
      title          = "{Search for Lepton Flavor Violating Decays $\tau^\pm \to
                        \ell^\pm \pi^0$, $\ell^\pm \eta$, $\ell^\pm \eta^\prime$}",
      collaboration  = "BABAR Collaboration",
      journal        = "Phys.Rev.Lett.",
      volume         = "98",
      pages          = "061803",
      doi            = "10.1103/PhysRevLett.98.061803",
      year           = "2007",
      eprint         = "hep-ex/0610067",
      archivePrefix  = "arXiv",
      primaryClass   = "hep-ex",
      reportNumber   = "SLAC-PUB-12170, BABAR-PUB-06-061",
      SLACcitation   = "%%CITATION = HEP-EX/0610067;%%",
}

@article{Aubert:2009ys,
      author         = "Aubert, Bernard and others",
      title          = "{Search for Lepton Flavor Violating Decays 
                        $\tau \to \ell^-
                        K^0_S$ with the BABAR Experiment}",
      collaboration  = "BaBar Collaboration",
      journal        = "Phys.Rev.",
      volume         = "D79",
      pages          = "012004",
      doi            = "10.1103/PhysRevD.79.012004",
      year           = "2009",
      eprint         = "0812.3804",
      archivePrefix  = "arXiv",
      primaryClass   = "hep-ex",
      reportNumber   = "SLAC-PUB-13487, BABAR-PUB-044-08",
      SLACcitation   = "%%CITATION = ARXIV:0812.3804;%%",
}

@article{Aubert:2009ap,
      author         = "Aubert, Bernard and others",
      title          = "{Improved limits on lepton flavor violating tau decays to
                        $\ell \phi, \ell \rho, \ell K*$ and $\ell \bar{K}*}$",
      collaboration  = "BABAR Collaboration",
      journal        = "Phys.Rev.Lett.",
      volume         = "103",
      pages          = "021801",
      doi            = "10.1103/PhysRevLett.103.021801",
      year           = "2009",
      eprint         = "0904.0339",
      archivePrefix  = "arXiv",
      primaryClass   = "hep-ex",
      reportNumber   = "SLAC-PUB-13559, BABAR-PUB-09-002",
      SLACcitation   = "%%CITATION = ARXIV:0904.0339;%%",
}

@article{Aubert:2007kx,
      author         = "Aubert, Bernard and others",
      title          = "{Search for lepton flavor violating decays $\tau^{\pm} \to 
                        \ell^{\pm} \omega\ (\ell = e, \mu)$}",
      collaboration  = "BABAR Collaboration",
      journal        = "Phys.Rev.Lett.",
      volume         = "100",
      pages          = "071802",
      doi            = "10.1103/PhysRevLett.100.071802",
      year           = "2008",
      eprint         = "0711.0980",
      archivePrefix  = "arXiv",
      primaryClass   = "hep-ex",
      reportNumber   = "SLAC-PUB-12971, BABAR-PUB-07-064",
      SLACcitation   = "%%CITATION = ARXIV:0711.0980;%%",
}

@article{Lees:2010ez,
      author         = "Lees, J.P. and others",
      title          = "{Limits on tau Lepton-Flavor Violating Decays in three
                        charged leptons}",
      collaboration  = "BaBar Collaboration",
      journal        = "Phys.Rev.",
      volume         = "D81",
      pages          = "111101",
      doi            = "10.1103/PhysRevD.81.111101",
      year           = "2010",
      eprint         = "1002.4550",
      archivePrefix  = "arXiv",
      primaryClass   = "hep-ex",
      reportNumber   = "BABAR-PUB-09-033, SLAC-PUB-14009",
      SLACcitation   = "%%CITATION = ARXIV:1002.4550;%%",
}

@article{Aubert:2005tp,
      author         = "Aubert, Bernard and others",
      title          = "{Search for lepton-flavor and lepton-number violation in
                        the decay $\tau^- \to \ell^\mp h^\pm h^{\prime -}$}",
      collaboration  = "BaBar Collaboration",
      journal        = "Phys.Rev.Lett.",
      volume         = "95",
      pages          = "191801",
      doi            = "10.1103/PhysRevLett.95.191801",
      year           = "2005",
      eprint         = "hep-ex/0506066",
      archivePrefix  = "arXiv",
      primaryClass   = "hep-ex",
      reportNumber   = "SLAC-PUB-11300",
      SLACcitation   = "%%CITATION = HEP-EX/0506066;%%",
}

@article{Lafferty:2007zz,
      author         = "Lafferty, G.D.",
      title          = "{Lepton flavour violation and baryon number
                        non-conservation in $\tau^- \to- \Lambda + h$ }",
      collaboration  = "BABAR Collaboration",
      journal        = "Nucl.Phys.Proc.Suppl.",
      volume         = "169",
      pages          = "186-191",
      doi            = "10.1016/j.nuclphysbps.2007.02.111",
      year           = "2007",
      reportNumber   = "SLAC-PUB-13006",
      SLACcitation   = "%%CITATION = NUPHZ,169,186;%%",
}

